@book{
    Linear_Algebra_and_its_Applications, 
    title={Linear algebra and its Applications},
    author={David C. Lay, Judi J. McDonald, Steven R. Lay},
    publisher={Pearson},
    date={2020.06.10},
    edition={6th edition}, 
    url={https://nl.mathworks.com/academia/books/linear-algebra-and-its-applications-lay.html?requestedDomain=} 
}

@misc{PenningTrapIllustration,
  title = {Penning Trap},
  author = {Arian Kriesch},
  year = {2005},
  note = {File: Penning\_Trap.svg},
  howpublished = {\url{https://en.wikipedia.org/wiki/File:Penning_Trap.svg}},
  urldate = {2024-10-14}
}

@manual{prosjekttbeskrivelse3,
    title = {Project 3},
    author = {Anders Kvellestad},
    year = {2022}
}